
%%
%% NavierStokes
%%

@Article{gauthier03:_navier_stokes,
  author = 	 {A. Gauthier and F. Saleri and A. Veneziani},
  title = 	 {A fast preconditioner for the incompressible {N}avier-{S}tokes equations},
  journal = 	 {Computing and Visualization in Science (CVS)},
  year = 	 2003,
  note = 	 {To appear. \url{http://www.lifev.org/documentation/GSV.ps.gz}},
  annote = 	 {}
}

%%
%% Darcy
%%

@PhdThesis{vmartin04:_darcy,
  author =       {V. Martin},
  title =        {Multidomain Simulations of Flow in Porous Media. },
  school =       {Universit\'e Paris IX Dauphine},
  year =         {March 2004},
  note =         {Partly in French, \url{http://www-rocq.inria.fr/~vmartin/These-MartinVincent.ps.gz}}
}

@TechReport{rr5131:_darcy,
  author =      {R. Di Cosmo and P. Weis and Zheng Li and F. Cl\'ement and V. Martin and A. Vodicka},
  title =        {Parallel programming with the OcamlP3l system with application to coupling
numerical codes},
  institution =  {Inria},
  year =         {2003},
  type =      {Research Report},
  number =    {5131},
  address =   {Rocquencourt, France},
  note =     {\url{http://www.inria.fr/rrrt/rr-5131.html}}
}


%%
%% Computer Science
%%
@book{Stroustrup:2000,
  author	= {Bjarne Stroustrup},
  title		= {{The C++ Programming Language, Special Edition}},
  publisher	= {Addison-Wesley Verlag},
  year		= 2000,
  address	= {Boston},
  isbn		= {0-201-70073-5}
}

@Book{Saad:1992:NML,
  author =       "Y. Saad",
  key =          "Saad",
  title =        "Numerical Methods for Large Eigenvalue Problems",
  publisher =    "Halstead Press",
  address =      "New York",
  year =         "1992",
  bibsource =    "ftp://ftp.math.utah.edu/pub/bibnet/authors/s/saad-yousef.bib",
}
