
@book{Stroustrup:2000,
  author	= {Bjarne Stroustrup},
  title		= {{The C++ Programming Language, Special Edition}},
  publisher	= {Addison-Wesley Verlag},
  year		= 2000,
  address	= {Boston},
  isbn		= {0-201-70073-5}
}

@Book{Saad:1992:NML,
  author =       "Y. Saad",
  key =          "Saad",
  title =        "Numerical Methods for Large Eigenvalue Problems",
  publisher =    "Halstead Press",
  address =      "New York",
  year =         "1992",
  bibsource =    "ftp://ftp.math.utah.edu/pub/bibnet/authors/s/saad-yousef.bib",
}
